<record><leader>00000cas a22000007a 4500</leader><controlfield tag="001">15045438</controlfield><controlfield tag="008">870108d189u189unmudn ne      0    0eng d</controlfield><datafield ind1=" " ind2=" " tag="010"><subfield code="a">sn 86090535 </subfield></datafield><datafield ind1=" " ind2=" " tag="040"><subfield code="a">PPM</subfield><subfield code="b">eng</subfield><subfield code="c">PPM</subfield><subfield code="d">NVM</subfield><subfield code="d">OCLCQ</subfield></datafield><datafield ind1=" " ind2=" " tag="042"><subfield code="a">msc</subfield></datafield><datafield ind1=" " ind2=" " tag="043"><subfield code="a">n-us-nm</subfield></datafield><datafield ind1="0" ind2="0" tag="245"><subfield code="a">Eddy daily current.</subfield></datafield><datafield ind1="1" ind2="3" tag="246"><subfield code="a">Current</subfield></datafield><datafield ind1=" " ind2=" " tag="260"><subfield code="a">Eddy [Carlsbad], N.M. :</subfield><subfield code="b">Wm. H. Mullane</subfield></datafield><datafield ind1=" " ind2=" " tag="300"><subfield code="a">v.</subfield></datafield><datafield ind1=" " ind2=" " tag="310"><subfield code="a">Daily (four times a week)</subfield></datafield><datafield ind1=" " ind2=" " tag="580"><subfield code="a">Weekly ed.: Eddy weekly current, 1893-&lt;Nov. 24, 1893&gt;.</subfield></datafield><datafield ind1=" " ind2=" " tag="580"><subfield code="a">Semi-weekly ed.: Semi-weekly current, &lt;Aug. 31-Sept. 25, 1894&gt;.</subfield></datafield><datafield ind1=" " ind2=" " tag="588"><subfield code="a">Description based on: Vol. 1, no. 120 (Apr. 3, 1893).</subfield></datafield><datafield ind1=" " ind2="4" tag="651"><subfield code="a">Carlsbad (N.M.)</subfield><subfield code="v">Newspapers.</subfield></datafield><datafield ind1=" " ind2="4" tag="651"><subfield code="a">Eddy (N.M.)</subfield><subfield code="v">Newspapers.</subfield></datafield><datafield ind1=" " ind2="4" tag="651"><subfield code="a">Eddy County (N.M.)</subfield><subfield code="v">Newspapers.</subfield></datafield><datafield ind1=" " ind2=" " tag="752"><subfield code="a">United States</subfield><subfield code="b">New Mexico</subfield><subfield code="c">Eddy</subfield><subfield code="d">Carlsbad.</subfield></datafield><datafield ind1="0" ind2=" " tag="775"><subfield code="t">Eddy weekly current</subfield><subfield code="w">(DLC)sn 93061673</subfield></datafield><datafield ind1="0" ind2=" " tag="775"><subfield code="t">Semi-weekly current</subfield><subfield code="w">(DLC)sn 93061663</subfield></datafield><datafield ind1="1" ind2=" " tag="029"><subfield code="a">AU@</subfield><subfield code="b">000025789015</subfield></datafield></record>